%% bags of jobs refs
@article{jso1,
  title = {Simulation of Charged Systems in Heterogeneous Dielectric Media via a True Energy Functional},
  author = {Vikram Jadhao and Francisco J. Solis and Olvera de la Cruz, Monica},
  journal = {Phys. Rev. Lett.},
  volume = {109},
  issue = {22},
  pages = {223905},
  numpages = {5},
  year = {2012},
  month = {Nov},
  doi = {10.1103/PhysRevLett.109.223905},
  url = {http://link.aps.org/doi/10.1103/PhysRevLett.109.223905},
  publisher = {American Physical Society}
}
@article{jso2,
author = {Vikram Jadhao and Francisco J. Solis and Olvera de la Cruz, Monica},
collaboration = {},
title = {A variational formulation of electrostatics in a medium with spatially varying dielectric permittivity},
publisher = {AIP},
year = {2013},
journal = {The Journal of Chemical Physics},
volume = {138},
number = {5},
eid = {054119},
numpages = {13},
pages = {054119},
keywords = {bioelectric phenomena; electrostatics; inhomogeneous media; macromolecules; molecular biophysics; molecular dynamics method; permittivity; surface charging},
url = {http://link.aip.org/link/?JCP/138/054119/1},
doi = {10.1063/1.4789955}
}
@article{jjzo1,
  title={Ionic structure in liquids confined by dielectric interfaces},
  author={Jing, Yufei and Jadhao, Vikram and Zwanikken, Jos W and Olvera de la Cruz, Monica},
  journal={The Journal of chemical physics},
  volume={143},
  number={19},
  pages={194508},
  year={2015},
  publisher={AIP Publishing},
  url={https://aip.scitation.org/doi/abs/10.1063/1.4935704}
}
@article{solis2013generating,
  title={Generating true minima in constrained variational formulations via modified Lagrange multipliers},
  author={Solis, Francisco J and Jadhao, Vikram and De La Cruz, Monica Olvera},
  journal={Physical Review E},
  volume={88},
  number={5},
  pages={053306},
  year={2013},
  publisher={APS}
}
@article{jto1,
  title={Electrostatics-driven shape transitions in soft shells},
  author={Jadhao, Vikram and Thomas, Creighton K and Olvera de la Cruz, Monica},
  journal={Proceedings of the National Academy of Sciences},
  volume={111},
  number={35},
  pages={12673--12678},
  year={2014},
  publisher={National Acad Sciences},
  url={https://www.pnas.org/content/111/35/12673.short}
}
@article{jyto,
  title={Coulomb energy of uniformly charged spheroidal shell systems},
  author={Jadhao, Vikram and Yao, Zhenwei and Thomas, Creighton K and De La Cruz, Monica Olvera},
  journal={Physical Review E},
  volume={91},
  number={3},
  pages={032305},
  year={2015},
  publisher={APS},
  url={https://journals.aps.org/pre/abstract/10.1103/PhysRevE.91.032305}
}
@misc{kadupitiya2017,
title = {Ions in Nanoconfinement},
month = {Dec},
url = {https://nanohub.org/tools/nanoconfinement},
author = {Kadupitiya, Jcs and Marru , Suresh and Fox , Geoffrey C. and Jadhao , Vikram},
year = {2017},
note = {Online on nanoHUB; source code on GitHub at github.com/softmaterialslab/nanoconfinement-md}
}
@article{jcs2,
	title = {Machine learning for performance enhancement of molecular dynamics simulations},
	booktitle = {Proceedings of the International Conference on Computational Science (ICCS) 2019},
	publisher = {ACM Press},
	author = {Kadupitiya, JCS and Fox, G. and Jadhao, V.}, 
	year = {2019},
	note = {Accepted}
}
@article{jcs1,
author = {Kadupitiya, JCS and Fox, G. and Jadhao, V.}, 
journal = {Submitted},
year = {2018}
}
@misc{kadupitiya2017,
title = {Ions in Nanoconfinement},
month = {Dec},
url = {https://nanohub.org/tools/nanoconfinement},
author = {Kadupitiya, Jcs and Marru , Suresh and Fox , Geoffrey C. and Jadhao , Vikram},
year = {2017},
note = {Online on nanoHUB; source code on GitHub at github.com/softmaterialslab/nanoconfinement-md}
}
%major ref of lulesh
@INPROCEEDINGS{IPDPS13:LULESH,
AUTHOR="Ian Karlin and Abhinav Bhatele and Jeff Keasler and Bradford L. Chamberlain and Jonathan Cohen and Zachary DeVito and Riyaz Haque and Dan Laney and Edward Luke and Felix Wang and David Richards and Martin Schulz and Charles Still",
TITLE="Exploring Traditional and Emerging Parallel Programming Models using a Proxy Application",
BOOKTITLE="27th IEEE International Parallel \& Distributed Processing Symposium (IEEE IPDPS 2013)",
ADDRESS="Boston, USA",
MONTH=may,
YEAR=2013
}
%underlying physics in lulesh
@techreport{LULESH:spec,
title = {{H}ydrodynamics {C}hallenge {P}roblem, {L}awrence {L}ivermore {N}ational {L}aboratory},
number = {LLNL-TR-490254},
location = {Livermore, CA},
pages = {1-17}
}
%lulesh 2.0
@techreport{LULESH2:changes,
author = {Ian Karlin and Jeff Keasler and Rob Neely},
title = {LULESH 2.0 Updates and Changes},number = {LLNL-TR-641973},
location = {Livermore, CA},
pages = {1-9},
year = {2013},
month = {August}
}
