@misc{ec2-estimate,
  author = {S. Higginbotham},
  title = {Bidding {S}trategies? {A}rbitrage? {A}{W}{S} {S}pot {M}arket is where {C}omputing and {F}inance {M}eet},
  howpublished = {Gigaom},
  year = {2013},
  month = {October 8th}
}

@misc{year1,
  author = {A. Kosner},
  title = {Amazon {C}loud {G}oes {D}own {F}riday {N}ight, {T}aking {N}etflix, {I}nstagram and {P}interest {W}ith {I}t},
  howpublished = {Forbes},
  year = {2012},
  month = {June 30th}
}

@misc{year2,
  author = {M. Butcher},
  title = {Amazon {E}{C}2 {G}oes {D}own, {T}aking {W}ith {I}t {R}eddit, {F}oursquare and {Q}uora},
  howpublished = {TechCrunch},
  year = {2011},
  month = {April 21st}
}

@misc{year3,
  author = {J. Clark},
  title = {Amazon {C}loud {G}oes {D}own in {N}orthern {V}irginia},
  howpublished = {The Register},
  year = {2013},
  month = {September 13th}
}



@Article{wierman,
  author = {Z. Liu and A. Wierman and Y. Chen and B. Razon and N. Chen},
  title = {Data {C}enter {D}emand {R}esponse: Avoiding the {C}oincident {P}eak via {W}orkload {S}hifting and {L}ocal {G}eneration},
  booktitle = {Performance Evaluation},
  year = {2013},
  volume = {70},
  number = {10},
}

@misc{netflix,
		key = {AWS Case Study: Netflix},
		title={A{W}{S} {C}ase {S}tudy: Netflix},
		howpublished = {\url{http://aws.amazon.com/solutions/case-studies/netflix}}
}

@misc{qemu-microcheckpointing,
		title={Q{E}{M}{U} {M}icrocheckpointing},
		howpublished = {\url{http://wiki.qemu.org/Features/MicroCheckpointing}}
}

@misc{tpcw,
  title={T{P}{C}-{W} {B}enchmark},
  howpublished = {\url{http://jmob.ow2.org/tpcw.html}}
}

@misc{specjbb,
  title={S{P}{E}{C}jbb2005},
  howpublished = {\url{https://www.spec.org/jbb2005/}}
}


@InProceedings{checkpointing1,
  author = {W. Voorsluys and R. Buyya},	
  title = {Reliable {P}rovisioning of {S}pot {I}nstances for {C}ompute-{I}ntensive {A}pplications},
  booktitle = {AINA},
  year = {2012},
}

@InProceedings{resource-containers,
  author = {G. Banga and P. Druschel and J. Mogul},
  title = {Resource {C}ontainers: A {N}ew {F}acility for {R}esource {M}anagement in {S}erver {S}ystems},
  booktitle = {OSDI},
  month = {February},
  year = {1999},
}

@InProceedings{checkpointing2,
  author = {S. Khatua and N. Mukherjee},
  title = {Application-centric {R}esource {P}rovisioning for {A}mazon {E}{C}2 {S}pot {I}nstances},
  booktitle = {EuroPar},
  month = {August},
  year = {2013}
}

@InProceedings{spot-run,
  author = {N. Chohan and C. Castillo and M. Spreitzer and M. Steinder and A. Tantawi and C. Krintz},
  title = {See {S}pot {R}un: {U}sing {S}pot {I}nstances for {M}ap{R}educe {W}orkflows},
  booktitle = {HotCloud},
  year = {2010},
  month = {June}
}

@InProceedings{liu-spot,
  author = {H. Liu},
  title = {Cutting {M}ap{R}educe {C}ost with {S}pot {M}arket},
  booktitle = {HotCloud},
  year = {2011},
  month = {June}
}

@InProceedings{checkpointing3,
  author = {S. Yi and D. Kondo and A. Andrzejak},
  title = {Reducing {C}osts of {S}pot {I}nstances via {C}heckpointing in the {A}mazon {E}lastic {C}ompute {C}loud},
  booktitle = {CLOUD},
  month = {July},
  year = {2010}
}

@InProceedings{policies1,
  author = {M. Mattess and C. Vecchiola and R. Buyya},
  title = {Managing {P}eak {L}oads by {L}easing {C}loud {I}nfrastructure {S}ervices from a {S}pot {M}arket},
  booktitle = {HPCC},
  month = {September},
  year = {2010},
}

%% Bidding
@InProceedings{bidding1,
  author = {S. Wee},
  title = {Debunking {R}eal-{T}ime {P}ricing in {C}loud {C}omputing},
  booktitle = {CCGrid},
  month = {May},
  year = {2011},
  annote = {Cost savings from spot aren't enough for consumers to shift workloads. Spot price analysis.}
}

@InProceedings{bidding2,
  author = {S. Zaman and D. Grosu},
  title = {Efficient {B}idding for {V}irtual {M}achine {I}nstances in {C}louds},
  booktitle = {CLOUD},
  month = {July},
  year = {2011},
  annote = {Bidding strategy to map workload to bid for bundle of resources in combinatorial auction}
}

@InProceedings{bidding3,
  author = {Q. Zhang and E. G\"{u}rses and R. Boutaba and J. Xiao},
  title = {Dynamic {R}esource {A}llocation for {S}pot {M}arkets in {C}louds},
  booktitle = {Hot-ICE},
  month = {March},
  year = {2011},
  annote = {Maximize provider revenue; forecast spot market demand and allocate resources between markets}
}

@InProceedings{bidding4,
  author = {B. Javadi and R. Thulasiram and R. Buyya},
  title = {Statistical {M}odeling of {S}pot {I}nstance {P}rices in {P}ublic {C}loud {E}nvironments},
  booktitle = {UCC},
  month = {December},
  year = {2011},
  annote = {Model spot price dynamics as well as the inter-price time of each SI by the mixture of Gaussians distribution with three or four components.}
}

@InProceedings{bidding5,
  author = {Y. Song and M. Zafer and K. Lee},
  title = {Optimal {B}idding in {S}pot {I}nstance {M}arket},
  booktitle = {Infocom},
  month = {March},
  year = {2012},
  annote = {We investigate the problem of designing a bidding strategy from a cloud service broker's perspective, where the cloud service broker accepts job requests from cloud users, and leverages the opportunistic yet less expensive spot instances for computation in order to maximize its own profit. In this context, we propose a profit aware dynamic bidding (PADB) algorithm, which observes the current spot price and selects the bid adaptively to maximize the time average profit of the cloud service broker.}
}

@InProceedings{bidding6,
  author = {M. Zafer and Y. Song and K. Lee},
  title = {Optimal {B}ids for {S}pot {V}{M}s in a {C}loud for {D}eadline {C}onstrained {J}obs},
  booktitle = {CLOUD},
  year = {2012},
  annote = {For such jobs, an important question that arises is what should the submitted price bids be so that the computation is completed within a fixed time interval while the cost is minimized. Towards this goal, we model a job as a fixed computation request with a deadline constraint and formulate the problem of designing a dynamic bidding policy that minimizes the average cost of job completion.}
}

@InProceedings{bidding7,
  author = {S. Tang and J. Yuan and X. Li},
  title = {Towards {O}ptimal {B}idding {S}trategy for {A}mazon {E}{C}2 {C}loud {S}pot {I}nstance},
  booktitle = {CLOUD},
  year = {2012},
  month = {June},
  annote = {Using real Instance Price traces and workload models, we compare several adaptive check-pointing schemes in terms of monetary costs and job completion time. We evaluate our model and demonstrate how users should bid optimally on Spot Instances to reach different objectives with desired levels of confidence.}
}

@InProceedings{bidding9,
  author = {Qo{S}-aware {B}idding {S}trategies for {V}{M} {S}pot {I}nstances: A {R}einforcement {L}earning {A}pproach {A}pplied to {P}eriodic {L}ong {R}unning {J}obs},
  title = {M. Abundo and V. Di Valerio and V. Cardellini and F. Lo Presti},
  booktitle = {IM},
  month = {May},
  year = {2015},
}

@Article{bidding8,
  author = {H. Xu and B. Li},
  title = {A {S}tudy of {P}ricing for {C}loud {R}esources},
  journal = {Performance Evaluation Review},
  month = {March},
  year = {2013},
  volume = {40},
  number = {4}
}

@Article{transient,
  author = {R. Singh and P. Sharma and D. Irwin and P. Shenoy and K.K. Ramakrishnan},
  title = {Here {T}oday, {G}one {T}omorrow: Exploiting {T}ransient {S}ervers in {D}ata {C}enters},
  journal = {IEEE Internet Computing},
  month = {July/August},
  year = {2014},
  volume = {18},
  number = {4}
}

@Article{spot-pricing2,
  author = {O.A. Ben-Yehuda and M. Ben-Yehuda and A. Schuster and D. Tsafrir},
  title = {Deconstructing {A}mazon {E}{C}2 {S}pot {I}nstance {P}ricing},
  journal = {ACM TEC},
  month = {September},
  year = {2013},
  volume = {1},
  number = {3}
}

@InProceedings{spot-pricing,
  author = {O.A. Ben-Yehuda and M. Ben-Yehuda and A. Schuster and D. Tsafrir},
  title = {Deconstructing {A}mazon {E}{C}2 {S}pot {I}nstance {P}ricing},
  booktitle = {CloudCom},
  month = {November},
  year = {2011}
}

@Article{open-market,
  author = {A. Bestavros and O. Krieger},
  title = {Toward an {O}pen {C}loud {M}arketplace: {V}ision and {F}irst {S}teps},
  year = {2014},
  month = {January/February},
  journal = {IEEE Internet Computing},
  number = {1},
  volume = {18},
}

@misc{derivative1,
  author = {R. Cohen},
  title = {Compute {D}erivatives: The {N}ext {B}ig {T}hing {I}n {C}ommodities?},
  howpublished = {Forbes},
  year = {2013},
  month = {October 2nd}
}

@misc{warning-time,
  author = {J. Barr},
  title = {New - {E}{C}2 {S}pot {I}nstance {T}ermination {N}otices},
  booktitle = {AWS Official Blog},
  howpublished = {\url{https://aws.amazon.com/blogs/aws/new-ec2-spot-instance-termination-notices/}},
  year = {2015},
  month = {January 6th}
}

@misc{derivative2,
  author = {U. Dauer},
  title = {German {S}tock {E}xchange to {O}ffer {T}rading in {C}loud {C}omputing},
  howpublished = {The Wall Street Journal},
  year = {2013},
  month = {July 2nd}
}

@misc{picloud,
  title = {Pi{C}loud},
  howpublished = {http://www.multyvac.com},
  year = {2014},
  month = {May 1st}
}

@misc{heroku,
  title = {{H}eroku},
  howpublished = {http://www.heroku.com},
  year = {2014},
  month = {May 1st}
}

@misc{sriov,
  title = {{S}ingle {R}oot {I/O} {V}irtualization},
  howpublished = {https://www.pcisig.com/specifications/iov/single\_root/},
  year = {2014},
  month = {May 1st}
}


@misc{rightscale,
  title = {Right{S}cale},
  howpublished = {http://rightscale.com},
  year = {2014},
  month = {May 1st}
}

@misc{spotcloud,
  title = {Spot{C}loud},
  howpublished = {http://www.spotcloud.com},
  year = {2014},
  month = {May 1st}
}

@misc{convenience,
  author = {J. Boutelle},
  title = {What to do when {A}mazon's spot prices spike},
  howpublished = {Gigaom},
  year = {2011},
  month = {December 27th}
}

@InProceedings{turtles,
  author = {M. Ben-Yehuda and M. Day and Z. Dubitzky and M. Factor and N. Har'El and A. Gordon and A. Liguori and O. Wasserman and B. Yassour},
  title = {The {T}urtles {P}roject: Design and {I}mplementation of {N}ested {V}irtualization},
  booktitle = {OSDI},
  year = {2010},
  month = {October}
}

@InProceedings{raas,
  author = {O. Ben-Yehuda and M. Ben-Yehuda and A. Schuster and D. Tsafrir},
  title = {The {R}esource-as-a-{S}ervice ({R}aa{S}) Cloud},
  booktitle = {HotCloud},
  year = {2012},
  month = {June}
}

@InProceedings{cloudvisor,
  author = {F. Zhang and J. Chen and H. Chen and B. Zang},
  title = {Cloud{V}isor: Retrofitting {P}rotection of {V}irtual {M}achines in {M}ulti-tenant {C}loud with {N}ested {V}irtualization},
  booktitle = {SOSP},
  year = {2011},
  month = {October}
}

@InProceedings{xen-blanket,
  author = {D. Williams and H. Jamjoom and H. Weatherspoon},
  title = {The {X}en-{B}lanket: Virtualize {O}nce, {R}un {E}verywhere},
  booktitle = {EuroSys},
  year = {2012},
}

@InProceedings{yank,
  author = {R. Singh and D. Irwin and P. Shenoy and K.K. Ramakrishnan},
  title = {Yank: Enabling {G}reen {D}ata {C}enters to {P}ull the {P}lug},
  booktitle = {NSDI},
  year = {2013},
  month = {April}
}

@misc{price-spike,
  author = {R. Miller},
  title = {Price {S}pikes {I}mpact {A}mazon {S}pot {C}loud {M}arket},
  howpublished = {Data Center Knowledge},
  year = {2011},
  month = {December 28th}
}

@misc{business-week,
  author = {D. Plummer},
  title = {Cloud {S}ervices {B}rokerage: A {M}ust-{H}ave for {M}ost {O}rganizations},
  howpublished = {Forbes},
  year = {2012},
  month = {March 22nd}
}

@misc{spot-documentation,
  title = {Scientific {C}omputing {U}sing {S}pot {I}nstances},
  howpublished = {http://aws.amazon.com/ec2/spot-and-science/},
  year = {2013},
  month = {June}
}

@misc{netflix2,
  author = {C. Babcock},
  title = {Cloud {C}onnect: Netflix {F}inds {H}ome in {A}mazon {E}{C}2},
  howpublished = {InformationWeek},
  year = {2011},
  month = {March 8th}
}

@InProceedings{pipecloud,
  author = {T. Wood and A. Lagar-Cavilla and K. K. Ramakrishnan and P. Shenoy and J. Van der Merwe},
  title = {Pipe{C}loud: {U}sing {C}ausality to {O}vercome {S}peed-of-{L}ight {D}elays in {C}loud-{B}ased {D}isaster {R}ecovery},
  year = {2011},
  month = {October},
  booktitle = {SOCC}
}

@InProceedings{smart-star,
  author = {S. Barker and A. Mishra and D. Irwin and E. Cecchet and P. Shenoy and J. Albrecht},
  title = {Smart*: An {O}pen {D}ata {S}et and {T}ools for {E}nabling {R}esearch in {S}ustainable {H}omes},
  year = {2012},
  month = {August},
  booktitle = {SustKDD}
}

@InProceedings{ensemble-power,
  author = {N. Tolia and Z. Wang and M. Marwah and C. Bash and P. Ranganathan and X. Zhu},
  title = {Delivering {E}nergy {P}roportionality with {N}on {E}nergy-{P}roportional {S}ystems -- {O}ptimizing the {E}nsemble},
  year = {2008},
  month = {December},
  booktitle = {HotPower}
}

@InProceedings{koomey11,
  author = {Jonathan Koomey},
  title = {{G}rowth in {D}ata {C}enter {E}lectricity {U}se 2005 to 2010},
  year = {2011},
  month = {August},
  address = {Oakland, California},
  booktitle = {Analytics Press}
}

@Article{log-structure,
  author = {M. Rosenblum and J. Ousterhout},
  title = {The {D}esign and {I}mplementation of a {L}og-{S}tructured {F}ile {S}ystem},
  year = {1992},
  month = {February},
  journal = {TOCS},
  number = {1},
  volume = {10}
}

@InProceedings{inception,
  author = {C. Liu and Y. Mao},
  title = {Inception: Towards a {N}ested {C}loud {A}rchitecture},
  year = {2013},
  month = {June},
  booktitle = {HotCloud}
}

@InProceedings{intercloud,
  author = {D. Bernstein and E. Ludvigson and K. Sankar and S. Diamond and M. Morrow},
  title = {Blueprint for the {I}ntercloud - {P}rotocols and {F}ormats for {C}loud {C}omputing {I}nteroperability},
  year = {2009},
  booktitle = {ICIW}
}

@Article{supercloud,
  author = {D. Williams and H. Jamjoom and H. Weatherspoon},
  title = {Plug into the {S}upercloud},
  year = {2013},
  journal = {IEEE Internet Computing},
  number = {2},
  volume = {17}
}

@InProceedings{bhuvan1,
  author = {S. Govindan and A. Sivasubramaniam and B. Urgaonkar},
  title = {Benefits and {L}imitations of {T}apping into {S}tored {E}nergy for {D}atacenters},
  booktitle = {ISCA},
  year = {2011},
  month = {June}
}

@InProceedings{bhuvan2,
  author = {R. Urgaonkar and B. Urgaonkar and M. Neely and A. Sivasubramaniam},
  title = {{O}ptimal {P}ower {C}ost {M}anagement {U}sing {S}tored {E}nergy in {D}ata {C}enters},
  booktitle = {SIGMETRICS},
  year = {2011},
  month = {March}
}

@InProceedings{bhuvan3,
  author = {D. Wang and C. Ren and A. Sivasubramaniam and B. Urgaonkar and H. Fathy},
  title = {{E}nergy {S}torage in {D}atacenters: What, {W}here, and {H}ow {M}uch?},
  booktitle = {SIGMETRICS},
  year = {2012},
  month = {June}
}

@InProceedings{bhuvan4,
  author = {S. Govindan and D. Wang and A. Sivasubramaniam and B. Urgaonkar},
  title = {Leveraging {S}tored {E}nergy for {H}andling {P}ower {E}mergencies in {A}ggressively {P}rovisioned {D}atacenters},
  booktitle = {ASPLOS},
  year = {2012},
  month = {March}
}

@InProceedings{bhuvan-cost,
  author = {S. Govindan and D. Wang and L. Chen and A. Sivasubramaniam and B. Urgaonkar},
  title = {Towards {R}ealizing a {L}ow {C}ost and {H}ighly {A}vailable {D}atacenter {P}ower {I}nfrastructure},
  booktitle = {HotPower},
  year = {2011},
  month = {October}
}

@InProceedings{bhuvan-mascosts,
  author = {C. Ren and D. Wang and B. Urgaonkar and A. Sivasubramaniam},
  title = {Carbon-{A}ware {E}nergy {C}apacity {P}lanning for {D}atacenters},
  booktitle = {MASCOTS},
  year = {2012},
  month = {August}
}

@Book{urs-book,
   author = {L. Barroso and U. H\"{o}lzle},
   title = {The Datacenter as a Computer: An Introduction to the Design of Warehouse-Scale Machines},
   publisher = {Morgan and Claypool Publishers},
   year = {2009}
}

@InProceedings{power-routing,
  author = {S. Pelley and D. Meisner and P. Zandevakili and T. Wenisch and J. Underwood},
  title = {Power {R}outing:  {D}ynamic {P}ower {P}rovisioning in the {D}ata {C}enter},
  booktitle = {ASPLOS},
  year = {2010},
  month = {March}
}

@InProceedings{iswitch,
  author = {C. Li and A. Qouneh and T. Li},
  title = {i{S}witch: {C}oordinating and {O}ptimizing {R}enewable {E}nergy {P}owered {S}erver {C}lusters},
  booktitle = {ISCA},
  year = {2012},
  month = {June}
}

@Article{microsoft-netzero,
  author = {Microsoft},
  title = {Becoming {C}arbon {N}neutral: {H}ow {M}icrosoft is {S}triving to {B}ecome {L}eaner, {G}reener, and {M}ore {A}ccountable},
  journal = {Microsoft},
  year = {2012},
  month = {June}
}

@InProceedings{facebook-solar,
  author = {R. Miller},
  title = {Facebook {I}nstalls {S}olar {P}anels at {N}ew {D}ata {C}enter},
  booktitle = {Data Center Knowledge},
  year = {2011},
  month = {April 16}
}

@misc{apple,
  author = {Apple},
  title = {Apple and the {E}nvironment},
  howpublished = {http://www.apple.com/environment/renewable-energy/},
  year = {2012},
  month = {September}
}

@misc{drbd,
  author = {D{R}{B}{D}},
  title = {D{R}{B}{D}: Software {D}evelopment for {H}igh {A}vailability {C}lusters},
  howpublished = {http://www.drbd.org/},
  year = {2012},
  month = {September}
}

@InProceedings{remus,
  author = {B. Cully and G. Lefebvre and D. Meyer and M. Feeley and N. Hutchinson and A. Warfield},
  title = {Remus: High {A}vailability via {A}synchronous {V}irtual {M}achine {R}eplication},
  booktitle = {NSDI},
  year = {2008},
  month = {April}
}
@InProceedings{remusdb,
  author = {U. F. Minhas and S. Rajagopalan and B. Cully and A. Aboulnaga and K. Salem and A. Warfield},
  title = {Remus{D}{B}: {T}ransparent {H}igh {A}vailability for {D}atabase {S}ystems},
  booktitle = {VLDB},
  year = {2011},
  month = {August}
}

@InProceedings{greennet,
  author = {D. Irwin and N. Sharma and P. Shenoy},
  title = {{T}owards {C}ontinuous {P}olicy-driven {D}emand {R}espone in {D}ata {C}enters},
  booktitle = {GreenNets},
  year = {2011},
  month = {August}
}

@InProceedings{free-lunch,
  author = {S. Akoush and R. Sohan and A. Rice and A. Moore and A. Hopper},
  title = {{F}ree {L}unch: {E}xploiting {R}enewable {E}nergy for {C}omputing},
  year = {2011},
  booktitle = {HotOS},
  month = {May}
}

@InProceedings{grid-tie,
  author = {N. Deng and C. Stewart and J. Li},
  title = {Concentrating {R}enewable {E}nergy in {G}rid-{T}ied {D}atacenters},
  year = {2011},
  booktitle = {ISSST},
  month = {May}
}

@TechReport{eia1,
  key = {United},
  institution = {U.{S}. {E}nergy {I}nformation {A}dminstration},
  title = {\href{http://www.eia.gov/electricity/annual/pdf/table7.4.pdf}{{E}lectric {P}ower {A}nnual 2010}},
  year = {2011},
  month = {November}
}

@InProceedings{google-wind,
  author = {P. Gupta},
  title = {{G}oogle to use {W}ind {E}nergy to {P}ower {D}ata {C}enters},
  booktitle = {New York Times},
  year = {2010},
  month = {July 20th}
}

@InProceedings{microsoft-solar,
  author = {R. Miller},
  title = {{M}icrosoft to use {S}olar {P}anels in {N}ew {D}ata {C}enter},
  booktitle = {Data Center Knowledge},
  year = {2008},
  month = {September 24th}
}

@InProceedings{tidal,
  author = {R. Miller},
  title = {{M}organ {S}tanley {P}lans {T}ide-{P}owered {D}ata {C}enter},
  booktitle = {Data Center Knowledge},
  year = {2008},
  month = {October 17th}
}

@inproceedings{Qureshi2009,
 author = {Qureshi, A. and Weber, R. and Balakrishnan, H. and Guttag, J. and Maggs, B.},
 title = {Cutting the {E}lectric {B}ill for {I}nternet-{S}cale {S}ystems},
 booktitle = {SIGCOMM},
 year = {2009},
 month ={October}
 } 
 
 @inproceedings{Liu2011,
 author = {Liu, Z. and Lin, M. and Wierman, A/ and Low, S. H. and Andrew, L. L.H.},
 title = {Greening {G}eographical {L}oad {B}alancing},
 booktitle = {SIGMETRICS},
 year = {2011},
 month = {June}
 } 

@inproceedings{Zhang2011,
 author = {Zhang, Y. and Wang, Y. and Wang, X.},
 title = {GreenWare: {G}reening {C}loud-{S}cale {D}ata {C}enters to {M}aximize the {U}se of {R}enewable {E}nergy},
 booktitle = {Middleware},
  year = {2011},
  month = {December}
} 

@inproceedings{Aksanli2011,
 author = {Aksanli, B. and Venkatesh, J. and Zhang, L. and Rosing, T.},
 title = {Utilizing {G}reen {E}nergy {P}rediction to {S}chedule {M}ixed {B}atch and {S}ervice {J}obs in {D}ata {C}enters},
 booktitle = {HotPower},
 year = {2011},
 month = {October}
} 

@InProceedings{krioukov2012,
  author={A. Krioukov and S. Alspaugh and P. Mohan and S. Dawson- Haggerty and D. E. Culler and R. H. Katz},
  title = {{D}esign and {E}valuation of an {E}nergy {A}gile {C}omputing {C}luster},
  booktitle = {Technical Report UCB/EECS-2012-13, EECS Department, University of California, Berkeley},
  year = {2012},
  month = {January}
}


@inproceedings{Stewart2009,
 author = {Stewart, C. and Shen K.},
 title = {Some {J}oules {A}re {M}ore {P}recious {T}han {O}thers: {M}anaging {R}enewable {E}nergy in the {D}atacenter},
 booktitle = {HotPower},
  year = {2009},
  month ={October}
} 

@InProceedings{covering-subset,
  author = {J. Leverich and C. Kozyrakis},
  title = {On the {E}nergy-{I}nefficiency of {H}adoop {C}lusters},
  booktitle = {HotPower},
  year = {2009},
  month = {October},
}

@InProceedings{cloudy2,
  author = {N. Sharma and P. Sharma and D. Irwin and P. Shenoy},
  title = {Predicting {S}olar {G}eneration from {W}eather {F}orecasts {U}sing {M}achine {L}earning},
  booktitle = {SmartGridComm},
  year = {2011},
  month = {October},
}

@InProceedings{cloudy1,
  author = {N. Sharma and J. Gummeson and D. Irwin and P. Shenoy},
  title = {Cloudy {C}omputing: {L}everaging {W}eather {F}orecasts in {E}nergy {H}arvesting {S}ensor {S}ystems},
  booktitle = {SECON},
  year = {2010},
  month = {June},
}

@inproceedings{Meisner2009,
 author = {Meisner, D. and Gold, B. T. and Wenisch, T. F.},
 title = {PowerNap: {E}liminating {S}erver {I}dle {P}ower},
 booktitle = {ASPLOS},
 year = {2009},
 month = {March}
} 


@inproceedings{Chase2001,
 author = {Chase, J. S. and Anderson, D. C. and Thakar, P. N. and Vahdat, A. M. and Doyle, R. P.},
 title = {Managing {E}nergy and {S}erver {R}esources in {H}osting {C}enters},
 booktitle = {SOSP},
  year = {2001},
 month= {October}
 } 
  
@inproceedings{Krioukov2010,
 author = {Krioukov, A. and Mohan, P. and Alspaugh, S. and Keys, L. and Culler, D. and Katz, R. H.},
 title = {Nap{S}{A}{C}: Design and {I}mplementation of a {P}ower-proportional {W}eb {C}luster},
 booktitle = {GreenNets},
 month = {August},
  year = {2010},
} 

@InProceedings{blink,
author = {Sharma, N. and Barker, S. and Irwin, D. and Shenoy, P.},
 title = {Blink: {M}anaging {S}erver {C}lusters on {I}ntermittent {P}ower},
  booktitle = {ASPLOS},
  year = {2011},
  month = {March}
 }

@misc{crc-efficiency,
  author = {United Kingdom},
  title = {C{R}{C} {E}nergy {E}fficiency {S}cheme},
  howpublished = {http://www.decc.gov.uk/},
  year = {2011},
  month = {June}
}

@InProceedings{cloudnet,
  author = {T. Wood and K. Ramakrishnan and P. Shenoy and J. Van der Merwe},
  title = {{C}loud{N}et: {D}ynamic {P}ooling of {C}loud {R}esources by {L}ive {W}{A}{N} {M}igration of {V}irtual {M}achines},
  booktitle = {VEE},
  year = {2011},
  month = {March}
}

@InProceedings{xen-migration,
  author = {C. Clark and K. Fraser and S. Hand and J. Hansen and E. Jul and C. Limpach and I. Pratt and A. Waeldr},
  title = {Live {M}igration of {V}irtual {M}achines},
  booktitle = {NSDI},
  year = {2005},
  month = {May}
}

@InProceedings{green-hadoop,
  author = {I. Goiri and K. Le and T. Nguyen and J. Guitart and J. Torres and R. Bianchini},
  title = {Green{H}adoop: Leveraging {G}reen {E}nergy in {D}ata-{P}rocessing {F}rameworks},
  booktitle = {EuroSys},
  year = {2012},
  month = {April}
}

@InProceedings{green-sc,
  author = {I. Goiri and K. Le and M. Haque and R. Beauchea and T. Nguyen and J. Guitart and J. Torres and R. Bianchini},
  title = {Green{S}lot: Scheduling {E}nergy {C}onsumption in {G}reen {D}atacenters},
  booktitle = {SC},
  year = {2011},
  month = {April}
}

@misc{doe-book,
  title = {U.{S}. {D}epartment of {E}nergy. {B}uilding {E}nergy {D}ata {B}ook},
  howpublished={http://buildingsdatabook.eere.energy.gov/},
  year = {2010}
}

@misc{google-power,
  title = {Google's {G}reen {P}{P}{A}s: {W}hat, {H}ow, and {W}hy},
  annotate = {http://static.googleusercontent.com/external_content/untrusted_dlcp/www.google.com/en/us/green/pdfs/renewable-energy.pdf},
  howpublished={http://www.google.com/green/pdfs/renewable-energy.pdf},
  year = {2011},
  month = {April}
}

@inproceedings{live-migration,
	title = {Live {M}igration of {V}irtual {M}achines},
	booktitle = {NSDI},
	author = {C. Clark and K. Fraser and S. Hand and J. G Hansen and E. Jul and C. Limpach and I. Pratt and A. Warfield},
	month = may,
	year = {2005},
	keywords = {careergrant, migration, virtualization, xen}
}

@inproceedings{rethink,
  author =       "E. B. Nightingale and K. Veeraraghavan and P. M. Chen and J. Flinn",
  title =        "{Rethink the {S}ync}",
  booktitle =    "{OSDI}",
  year =         2006,
  month = {November}
}

@article{denning,
 author = {P. Denning},
 title = {The {W}orking {S}et {M}odel for {P}rogram {B}ehavior},
 journal = {CACM},
 volume = {26},
 number = {1},
 month = jan,
 year = {1983},
 }

@article{ramcloud,
 author = {J. Ousterhout et al.},
 title = {The {C}ase for {R}{A}{M}{C}louds: {S}calable {H}igh-performance {S}torage {E}ntirely In {D}{R}{A}{M}},
 journal = {SIGOPS Operating Systems Review},
 volume = {43},
 number = {5},
 month = {December},
 year = {2009},
 }

@inproceedings{ramcloud2,
 author = {Ongaro, D. and Rumble, S. M. and Stutsman, R. and Ousterhout, J. and Rosenblum, M.},
 title = {Fast {C}rash {R}ecovery in {R}{A}{M}{C}loud},
 booktitle = {SOSP},
 year = {2011},
} 

@article{post-copy,
 author = {Hines, M. R. and Deshpande, U. and Gopalan, K.},
 title = {Post-copy {L}ive {M}igration of {V}irtual {M}achines},
 journal = {SIGOPS Operating Systems Review},
 volume = {43},
 number = {3},
 month = jul,
 year = {2009},
} 

@inproceedings{overdriver,
 author = {Williams, D. and Jamjoom, H. and Liu, Y. and Weatherspoon, H.},
 title = {Overdriver: {H}andling {M}emory {O}verload in an {O}versubscribed {C}loud},
 booktitle = {VEE},
 year = {2011},
} 

@inproceedings{fastrestore,
 author = {Zhang, I. and Garthwaite, A. and Baskakov, Y. and Barr, K. C.},
 title = {Fast {R}estore of {C}heckpointed {M}emory {U}sing {W}orking {S}et {E}stimation},
 booktitle = {VEE},
 year = {2011},
} 


@inproceedings{zhang2011dynamic,
  title={Dynamic resource allocation for spot markets in cloud computing environments},
  author={Zhang, Qi and Zhu, Quanyan and Boutaba, Raouf},
  booktitle={Utility and Cloud Computing (UCC), 2011 Fourth IEEE International Conference on},
  pages={178--185},
  year={2011},
  organization={IEEE}
}

@inproceedings{snowflock2009,
  title={Snow{F}lock: {R}apid {V}irtual {M}achine {C}loning for {C}loud {C}omputing},
  author={Lagar-Cavilla, Horacio Andr{\'e}s and Whitney, Joseph Andrew and Scannell, Adin Matthew and Patchin, Philip and Rumble, Stephen M and De Lara, Eyal and Brudno, Michael and Satyanarayanan, Mahadev},
  booktitle={EuroSys},
  month = {April},
  year={2009},
}

@inproceedings{jain14demand,
  title={On-demand, Spot, or Both: Dynamic Resource Allocation for Executing Batch Jobs in the Cloud},
  author={Jain, Navendu and Menache, Ishai and Shamir, Ohad},
  booktitle={11th International Conference on Autonomic Computing (ICAC 14)},
  organization={USENIX Association}
}

@inproceedings{mswift-more,
  title={More for your money: exploiting performance heterogeneity in public clouds},
  author={Farley, Benjamin and Juels, Ari and Varadarajan, Venkatanathan and Ristenpart, Thomas and Bowers, Kevin D and Swift, Michael M},
  booktitle={Proceedings of the Third ACM Symposium on Cloud Computing},
  pages={20},
  year={2012},
  organization={ACM}
}

@inproceedings{wang2014underprovisioning,
  title={Underprovisioning backup power infrastructure for datacenters},
  author={Wang, Di and Govindan, Sriram and Sivasubramaniam, Anand and Kansal, Aman and Liu, Jie and Khessib, Badriddine},
  booktitle={Proceedings of the 19th international conference on Architectural support for programming languages and operating systems},
  pages={177--192},
  year={2014},
  organization={ACM}
}

@inproceedings{kvm2007,
  title={kvm: the Linux virtual machine monitor},
  author={Kivity, Avi and Kamay, Yaniv and Laor, Dor and Lublin, Uri and Liguori, Anthony},
  booktitle={Proceedings of the Linux Symposium},
  volume={1},
  pages={225--230},
  year={2007}
}

@inproceedings{vmstartup,
  title={A {P}erformance {S}tudy on {V}{M} {S}tartup {T}ime in the {C}loud},
  author={Mao, Ming and Humphrey, Marty},
  booktitle={CLOUD},
  month = {June},
  year={2012},
}

OSDI-YANK so far


@misc{bid-advisor,
title={EC2 {S}pot {B}id {A}dvisor},
howpublished={\url{https://aws.amazon.com/ec2/spot/bid-advisor/}},

year={2015},
month={September},
}

@misc{spot-fleet,
title={EC2 {S}pot-fleet},
howpublished = {\url{http://docs.aws.amazon.com/AWSEC2/latest/UserGuide/spot-fleet.html}},

year = {2015},
month = {September},
}

@misc{preemptible-vm,
title={Google {P}reemptible {VM}s},
howpublished = {\url{https://cloud.google.com/preemptible-vms/}},
note = {\url{https://cloud.google.com/preemptible-vms/}},
year = {2015},
month = {September},
}


@misc{emr-spark,
  title = {Amazon {E}lastic {M}ap {R}educe for {S}park},
  howpublished = {\url{https://aws.amazon.com/elasticmapreduce/details/spark/}},
  year = {2015},
  month = {June},
}

@misc{spot-blocks,
title = {EC2 {S}pot {B}locks},
note = {\url{https://aws.amazon.com/about-aws/whats-new/2015/10/introducing-amazon-ec2-spot-instances-for-specific-duration-workloads/}},

urldate = {2015-10-01},
year = {2015},
month = {October},
}

@inproceedings{spotcheck,
  title={Spot{C}heck: Designing a {D}erivative {I}aa{S} {C}loud on the {S}pot {M}arket},
  author={Sharma, Prateek and Lee, Stephen and Guo, Tian and Irwin, David and Shenoy, Prashant},
  booktitle={EuroSys},
  year={2015},
  month = {April}
}

@inproceedings{flint,
title={{F}lint: {B}atch-{I}nteractive {D}ata-{I}ntensive {P}rocessing on {T}ransient {S}ervers},
  author={Sharma, Prateek and Guo, Tian and He, Xin and Irwin, David and Shenoy, Prashant},
  booktitle={EuroSys},
  year={2016},
  month = {April}
}


@inproceedings{spoton,
  title={Spot{O}n: A {B}atch {C}omputing {S}ervice for the {S}pot {M}arket},
  author={S. Subramanya and T. Guo and P. Sharma and D. Irwin and P. Shenoy},
  booktitle={SOCC},
  year={2015},
  month = {August}
}



@inproceedings{marathe-hpdc14, 
 author = {Marathe, Aniruddha and Harris, Rachel and Lowenthal, David and de Supinski, Bronis R. and Rountree, Barry and Schulz, Martin},
 title = {Exploiting {R}edundancy for {C}ost-effective, {T}ime-constrained {E}xecution of {HPC} {A}pplications on {A}mazon {EC2}},
 booktitle = {HPDC},
 year = {2014},
} 


@inproceedings{guo2015bidding,
  title={Bidding for {H}ighly {A}vailable {S}ervices with {L}ow {P}rice in {S}pot {I}nstance {M}arket},
  author={Guo, Weichao and Chen, Kang and Wu, Yongwei and Zheng, Weimin},
  booktitle={HPDC},
  year={2015},
}



@article{daly2006higher,
  title={A {H}igher {O}rder {E}stimate of the {O}ptimum {C}heckpoint {I}nterval for {R}estart {D}umps},
  author={Daly, John T},
  journal={Future Generation Computer Systems},
  volume={22},
  number={3},
  year={2006},
  publisher={Elsevier}
}

@inproceedings{mswift-more,
  title={More for your money: exploiting performance heterogeneity in public clouds},
  author={Farley, Benjamin and Juels, Ari and Varadarajan, Venkatanathan and Ristenpart, Thomas and Bowers, Kevin D and Swift, Michael M},
  booktitle={Proceedings of the Third ACM Symposium on Cloud Computing},
  pages={20},
  year={2012},
  organization={ACM}
}

@inproceedings{bid-cloud,
  title={How to {B}id the {C}loud},
  author={L. Zheng and C. Joe-Wong and C. Wei Tan and M. Chiang and X. Wang},
  booktitle={SIGCOMM},
  month = {August},
  year={2015}
}

@inproceedings{wang2013present,
  title={Present or future: Optimal pricing for spot instances},
  author={Wang, Peijian and Qi, Yong and Hui, Dou and Rao, Lei and Liu, Xue},
  booktitle={Distributed Computing Systems (ICDCS), 2013 IEEE 33rd International Conference on},
  pages={410--419},
  year={2013},
  organization={IEEE}
}

@inproceedings{mihailescu2012impact,
  title={The {I}mpact of {U}ser {R}ationality in {F}ederated {C}louds},
  author={Mihailescu, Marian and Teo, Yong Meng},
  booktitle={CCGrid},
  year={2012},
}


@inproceedings{wang2012towards,
  title={Towards optimal capacity segmentation with hybrid cloud pricing},
  author={Wang, Wei and Li, Baochun and Liang, Ben},
  booktitle={Distributed Computing Systems (ICDCS), 2012 IEEE 32nd International Conference on},
  pages={425--434},
  year={2012},
  organization={IEEE}
}


@inproceedings{zhang2015truthful,
  title={A truthful (1-$\varepsilon$)-optimal mechanism for on-demand cloud resource provisioning},
  author={Zhang, Xiaoxi and Wu, Chuan and Li, Zongpeng and Lau, Francis},
  booktitle={Computer Communications (INFOCOM), 2015 IEEE Conference on},
  pages={1053--1061},
  year={2015},
  organization={IEEE}
}

@inproceedings{xinhpdc,
  title={Cutting the cost of hosting online services using cloud spot markets},
  author={He, Xin and Shenoy, Prashant and Sitaraman, Ramesh and Irwin, David},
  booktitle={Proceedings of the 24th International Symposium on High-Performance Parallel and Distributed Computing},
  pages={207--218},
  year={2015},
  organization={ACM}
}

@article{qu2016reliable,
  title={A reliable and cost-efficient auto-scaling system for web applications using heterogeneous spot instances},
  author={Qu, Chenhao and Calheiros, Rodrigo N and Buyya, Rajkumar},
  journal={Journal of Network and Computer Applications},
  volume={65},
  pages={167--180},
  year={2016},
  publisher={Elsevier}
}

@inproceedings{proteus-eur17,
 author = {Harlap, Aaron and Tumanov, Alexey and Chung, Andrew and Ganger, Gregory R. and Gibbons, Phillip B.},
 title = {Proteus: Agile ML Elasticity Through Tiered Reliability in Dynamic Resource Markets},
 booktitle = {Proceedings of the Twelfth European Conference on Computer Systems},
 series = {EuroSys '17},
 year = {2017},
 isbn = {978-1-4503-4938-3},
 location = {Belgrade, Serbia},
 pages = {589--604},
 numpages = {16},
 url = {http://doi.acm.org/10.1145/3064176.3064182},
 doi = {10.1145/3064176.3064182},
 acmid = {3064182},
 publisher = {ACM},
 address = {New York, NY, USA},
} 
